/home/gwstell/bib/annotated.bib